
@book{mallat_2009,
   title="A Wavelet Tour of Signal Processing: The Sparse Way",
   author="St\'ephane Mallat",
   year=2009,
   publisher="Elsevier",
}

@book{strang_1996,
   title="Wavelets and Filter Banks",
   author="Gilbert Strang and Truong Nguyen",
   year=1996,
   publisher="Wellesley-Cambridge Press",
}

@book{hansen_2006,
   title="Deblurring Images: matrices, spectra, and filtering",
   author="Per Christian Hansen and James G. Nagy and Dianne P. O'Leary",
   year=2006,
   publisher="SIAM",
}



@article{beck_2009,
   title="A Fast Iterative Shrinkage-Thresholding Algorithm for Linear Inverse Problems",
   author="Amir Beck and Marc Teboulle",
   year=2009,
   journal="SIAM Journal on Imaging Sciences",
}

@article{becker_2011,
   title="{\sc NESTA}: A fast and accurate first-order method for sparse recovery",
   author="Stephen Becker and J\'er\^ome Bobin and Emmanuel J. Cand\`es",
   year=2011,
   journal="SIAM Journal on Imagine Sciences",
}

@article{combettes_2007,
   title="A {D}ouglas-{R}achford Splitting Approach to Nonsmooth Convex Variational Signal Recovery",
   author="Patrick L Combettes and Jean-Christophe Pesquet",
   year=2007,
   journal="IEEE Journal of Selected Topics in Signal Processing",
}

@article{skodras_2001,
   title="The {JPEG} 2000 Still Image Compression Standard",
   author="Athanassios Skodras and Charilaos Chistopoulos and Touradj Ebrahimi",
   year=2001,
   journal="IEEE Signal Processing Magazine",
}



@manual{matlab_wt_2015,
   address={Natick, Massachusetts},
   organization={The MathWorks, Inc.},
   title={MATLAB and Wavelet Toolbox Release R2015b},
   year=2015,
}

